@inproceedings	( EXTENDINGCAPABILITY,
author	=	"Robert D. Sansom and Daniel P. Julin and Richard F. Rashid" ,
title	=	"Extending a Capability Based System into a Network Environment" ,
booktitle=	"SIGCOMM '86 Symposium: Communications Architectures \& Protocols" ,
organization=	"ACM SIGCOMM" ,
year	=	"1986" ,
month	=	"August" ,
note	=	"Also available as Technical Report CMU-CS-86-115" )

@inproceedings	( VMTP,
key	=	"Cheriton" ,
author	=	"David Cheriton" ,
title	=	"{VMTP}: A Transport Protocol for the Next Generation
of Communication Systems" ,
booktitle=	"Proceedings of the ACM SIGCOMM 86 Symposium on
Communications Architectures and Protocols" ,
publisher=	"ACM" ,
month	=	"August" ,
year	=	"1986" ,
pages	=	"406-415" ,
bibdate	=	"Fri Sep  5 23:33:44 1986" )

@Article(CAMELOT,
Author	=	"Alfred Z. Spector and Joshua J. Bloch and Dean S. Daniels and
		Richard P. Draves and Dan Duchamp and Jeffrey L. Eppinger and
		Sherri G. Menees and Dean S. Thompson" ,
Title	=	"The Camelot Project",
Journal	=	"Database Engineering",
Key	=	"Spector et al.",
Year	=	1986,
Volume	=	9,
Number	=	4,
Month	=	"December",
Note	=	"Also available as Technical Report CMU-CS-86-166,
		 Carnegie-Mellon University, November 1986.",
Annote	=	"This paper is an early discussion of Camelot.  It broadly
		discusses its key functions and some aspects of its
		implementation. For perspective, it was written just after
		the project measured the performance of local write
		transactions without stable storage.  An early paper.")

